---
---

@misc{dubey2024unitalkrestrictedinfinityoperads,
      title={Unital k-Restricted Infinity-Operads}, 
      author={Amartya Shekhar Dubey and Yu Leon Liu},
      year={2024},
      eprint={2407.17444},
      archivePrefix={arXiv},
      primaryClass={math.AT},
      url={https://arxiv.org/abs/2407.17444}, 
}


@misc{liu2024bordismsthreemanifoldsdomainwalls,
      title={From bordisms of three-manifolds to domain walls between topological orders}, 
      author={Yu Leon Liu and Dalton A R Sakthivadivel},
      year={2024},
      eprint={2407.10677},
      archivePrefix={arXiv},
      primaryClass={math-ph},
      url={https://arxiv.org/abs/2407.10677}, 
}


@misc{liu2024braidingcomplexorientedsoergel,
      title={Braiding on complex oriented Soergel bimodules}, 
      author={Yu Leon Liu},
      year={2024},
      eprint={2407.04891},
      archivePrefix={arXiv},
      primaryClass={math.AT},
      url={https://arxiv.org/abs/2407.04891}, 
}

@misc{liu2024braidedmonoidalinfty2categorysoergel,
      title={A braided monoidal $(\infty,2)$-category of Soergel bimodules}, 
      author={Yu Leon Liu and Aaron Mazel-Gee and David Reutter and Catharina Stroppel and Paul Wedrich},
      year={2024},
      eprint={2401.02956},
      archivePrefix={arXiv},
      primaryClass={math.QA},
      url={https://arxiv.org/abs/2401.02956}, 
}




@article{pace2024topological,
  title={Topological aspects of brane fields: Solitons and higher-form symmetries},
  author={Pace, Salvatore D and Liu, Yu Leon},
  journal={SciPost Physics},
  volume={16},
  number={5},
  pages={128},
  year={2024}
}



@misc{debray2024smithfibersequenceinvertible,
      title={The Smith Fiber Sequence of Invertible Field Theories}, 
      author={Arun Debray and Sanath K. Devalapurkar and Cameron Krulewski and Yu Leon Liu and Natalia Pacheco-Tallaj and Ryan Thorngren},
      year={2024},
      eprint={2405.04649},
      archivePrefix={arXiv},
      primaryClass={math.AT},
      url={https://arxiv.org/abs/2405.04649}, 
}


@misc{debray2024longexactsequencesymmetry,
      title={A Long Exact Sequence in Symmetry Breaking: order parameter constraints, defect anomaly-matching, and higher Berry phases}, 
      author={Arun Debray and Sanath K. Devalapurkar and Cameron Krulewski and Yu Leon Liu and Natalia Pacheco-Tallaj and Ryan Thorngren},
      year={2023},
      eprint={2309.16749},
      archivePrefix={arXiv},
      primaryClass={hep-th},
      url={https://arxiv.org/abs/2309.16749}, 
}

@article {MR4665630,
    AUTHOR = {Debray, Arun and Liu, Yu Leon and Weis, Christoph},
     TITLE = {Constructing the {V}irasoro groups using differential
              cohomology},
   JOURNAL = {Int. Math. Res. Not. IMRN},
  FJOURNAL = {International Mathematics Research Notices. IMRN},
      YEAR = {2023},
    NUMBER = {21},
     PAGES = {18537--18574},
      ISSN = {1073-7928,1687-0247},
   MRCLASS = {57S05},
  MRNUMBER = {4665630},
MRREVIEWER = {Michel\ Nguiffo B. Boyom},
       DOI = {10.1093/imrn/rnad035},
       URL = {https://doi.org/10.1093/imrn/rnad035},
}

@article {MR4544189,
    AUTHOR = {Liu, Yu Leon},
     TITLE = {Abelian duality in topological field theory},
   JOURNAL = {Comm. Math. Phys.},
  FJOURNAL = {Communications in Mathematical Physics},
    VOLUME = {398},
      YEAR = {2023},
    NUMBER = {1},
     PAGES = {439--468},
      ISSN = {0010-3616,1432-0916},
   MRCLASS = {81T45 (57R56)},
  MRNUMBER = {4544189},
MRREVIEWER = {Hongyu\ Wang},
       DOI = {10.1007/s00220-022-04527-2},
       URL = {https://doi.org/10.1007/s00220-022-04527-2},
}
